@article{valentin,
  title   = "Implementation of the entropy viscosity method with the discontinuous {G}alerkin method",
  author  = "V Zingan and J L Guermond and J Morel and B Popov",
  journal = "Journal of Comput. Phys",
  volume  = "253",
  pages   = "479-490",
  year    = "2013",
}

@article{jlg_VR_SIAM_2004,
  title   = "Viscous regularization of the {E}uler equations and entropy principles",
  author  = "J.-L. Guermond and B. Popov",
  journal = "SIAM J. Appl. Math",
  volume = "74",
  number = "2",
  pages = "284-305",
  year    = "2014",
  }
  
@article{jlg_EVM_JCP2011,
  title   = "Entropy viscosity method for nonlinear conservation laws",
  author  = "J.-L. Guermond and R. Pasquetti",
  journal = "Journal of Comput. Phys",
  volume  = "230",
  number = "11",
  pages   = "4248-4267",
  year    = "2011",
  }

@article{jlg_EVM_CSE2011,
  title   = "Entropy Viscosity Method for High-Order Approximations of Conservation Laws",
  author  = "J.-L. Guermond and R. Pasquetti",
  journal = "Lecture Notes in Computational Science and Engineering",
  volume  = "76",
  pages   = "411-418",
  year    = "2011",
  }

@conference{jlg_EVM_CRMAC2008,
  title   = "Entropy-based nonlinear viscosity for Fourier approximations of conservation laws",
  booktitle = "C.R. Math. Acad. Sci.",
  volume = "326",
  pages   = "801-806",
  year    = "2008",
  address = "Paris",
  author  = "J.-L. Guermond and R. Pasquetti",
  }

@book{Toro,
  author    = "E. F. Toro",
  title     = "Riemann Solvers and numerical methods for fluid dynamics",
  year      = "1999",
  publisher = "$2^{nd}$ Edition, Springer",
  }

@article{Moose,
  title   = "A parallel computational framework for coupled systems of nonlinear equations",
  author  = "D. Gaston and C. Newsman and G. Hansen and D. Lebrun-Grandi\'e",
  journal = "Nucl. Eng. Design",
  volume  = "239",
  pages   = "1768-1778",
  year    = "2009",
  }

@article{JFNK,
  title   = "Jacobian-free {N}ewton-{K}rylov methods: a survey of approaches and applications",
  author  = "D. A. Knoll and D. E. Keyes",
  journal = "Journal of Computational Physics",
  volume  = "193",
  pages   = "357-397",
  year    = "2004",
  }
  
@article{SEM,
  title   = "The discrete equation method ({DEM}) for fully compressible, two-phase flows in ducts of spatially varying cross section",
  author  = "R. Berry and R. Saurel and O. LeMetayer",
  journal = "Nuclear Engineering and Design",
  volume  = "240",
  number = "11",
  pages   = "3797-3818",
  year    = "2010",
  }

@article{Parabolic,
  title   = "On positivity preserving finite volume schemes for {E}uler equations",
  author  = "B. Perthane and C-W Shu",
  journal = "Numer. Math.",
  volume  = "73",
  number = "1",
  pages   = "119-130",
  year    = "1996",
  }

@book{IGEOS,
  title   = "A to Z of Thermodynamics",
  author = "P Perrot",
  year      = "1998",
  publisher = "Oxford University Press",
  }

@article{SGEOS,
  title   = "Elaborating equation of state for a liquid and its vapor for two-phase flow models",
  author  = "O LeMetayer and J Massoni and R Saurel",
  journal = "International Journal of Thermal Science",
  volume  = "43",
  pages   = "265-276",
  year    = "2004",
  }

@article{Lapidus_paper,
  title   = "A detached shock calculation by second order finite differences",
  author  = "A Lapidus",
  journal = "J. Comput. Phys.",
  volume  = "2",
  number = "2",
  pages   = "154-177",
  year    = "1967",
  }

@article{LMP,
  title   = "A simple extension to multidimensional problems of the artificial viscosity due to Lapidus",
  author  = "R Lohner and K Morgan and J Peraire",
  journal = "Commun. Numer. Methods Eng.",
  volume  = "1(14)",
  pages   = "141-147",
  year    = "1985",
  }

@book{Lapidus_book,
  title   = "Finite Element Methods for Flow Problems",
  author = "J Donea and A Huerta",
  year      = "2003",
  publisher = "Oxford University Press",
  }

@article{Roe,
  title   = "An All-Speed Roe-type scheme and its asymptotic analysis of low-{M}ach number behavior",
  author  = "X-S Li and C-W Gu",
  journal = "Journal of Computational Physics",
  volume  = "227",
  pages   = "5144-5159",
  year    = "2008",
  }

@article{LowMach1,
  title   = "On the behavior of upwind schemes in the low-{M}ach number limit",
  author  = "H Guillard and C Viozat",
  journal = "Computers \& Fluids",
  volume  = "28",
  number = "1",
  pages   = "63-86",
  year    = "1999",
  }

@article{LowMach2,
  title   = "Preconditioned techniques in computational fluid dynamics",
  author  = "E Turkel",
  journal = "Annu. Rev. Fluid Mech.",
  volume  = "31",
  pages   = "385-416",
  year    = "1999",
  }

@article{LowMach3,
  title   = "The solution of the compressible {E}uler equations at low-{M}ach numbers using a stabilized finite element algorithm",
  author  = "J S Wong D L and Darmofal and J Peraire",
  journal = "Comput. Methods Appl. Mech. Engrg.",
  volume  = "190",
  pages   = "5719-5737",
  year    = "2001",
  }

@article{Muller,
  title   = "Low-{M}ach number asymptotics of the Navier-Stokes equations",
  author  = "B. Muller",
  journal = "Journal of Engineering Mathematics",
  volume  = "34",
  pages   = "97–109",
  year    = "1998",
  }  
  
@article{nozzle_exact,
  title   = "Liquid and liquid-gas flows at all speeds: Reference solutions and numerical schemes.",
  author  = "S. LeMartelot and B. Nkonga and R. Saurel",
  journal = "{INRIA} Research report",
  volume  = "7935",
  pages   = "97–109",
  year    = "2012",
  }

@article{nozzle_exact2,
author = {LeMartelot,S. and Saurel,R. and Le Métayer,O.},
title = {Steady one-dimensional nozzle flow solutions of liquid–gas mixtures},
journal = {Journal of Fluid Mechanics},
volume = {737},
month = {12},
year = {2013},
issn = {1469-7645},
pages = {146--175},
numpages = {30},
}

@book{convergence_book,
  title   = "Constructive Approximation",
  author = "R A DeVore and G G Lorentz",
  year      = "1991",
  publisher = "Springer-Verlag",
  }
  
@article{Kapila_2001,
  title   = "Two-phase modelling of deflagration-to-detonation transition in granular materials",
  author  = "A K Kapila and R Menikoff and J B Bdzil and S F Son and D S Stewart",
  journal = "Phys. Fluids",
  pages   = "3002-3024",
  volume = "13",
  year    = "2001",
  }
  
@article{Toumi_1996,
  title   = "An upwind numerical method for two-fluids two-phases flow models",
  author  = "I Toumi",
  journal = "Nucl. Sci. Eng.",
  pages   = "147-168",
  volume = "123",
  year    = "1996",
  }
  
@article{Abgrall_2002,
  title   = "How to prevent pressure oscillations in multicomponent flow calculations: a quasi conservative approach",
  author  = "R Abgrall",
  journal = "J. Comput. Phys",
  pages   = "150-160",
  volume = "125",
  number = "1",
  year    = "1996",
  }
  
@article{Saurel_2001a,
  title   = "A multiphase Godunov method for compressible multifluid and multiphase flows",
  author  = "R Saurel and R Abgrall",
  journal = "J. Comput Physics",
  pages   = "425-267",
  volume = "150",
  number = "2",
  year    = "1999",
  }
  
@article{Saurel_2001b,
  title   = "A multiphase model for compressible flows with interfaces, shocks, detonation waves and cavitation",
  author  = "R Saurel and O Lemetayer",
  journal = "J. Fluid Mech.",
  pages   = "239-271",
  volume = "431",
  year    = "2001",
  }
  
@article{Li_2004,
  title   = "Difference scheme for two-phase flow",
  author  = "L Qiang and F Jian-Hu and C Ti-min and H Chun-bo",
  journal = "Appl Math Mech",
  pages   = "536-545",
  volume = "25",
  number = "5",
  year    = "2004",
  }
  
@article{Zein_2010,
  title   = "Modeling phase transition for compressible two-phase flows applied to metastable liquids",
  author  = "A Zein and M Hantke and G Warnecke",
  journal = "J. Comput Physics",
  pages   = "2964--2998",
  volume = "229",
  number = "8",
  year    = "2010",
  }
  
@article{Ambroso_2012,
  title   = "A Godunov-type method for the seven-equation model of compressible multiphase mixtures",
  author  = "A Ambroso and C Chalons and P-A Raviart",
  journal = "Comput. Fluids",
  pages   = "67-91",
  volume = "54",
  year    = "2012",
  }

@article{Saurel_2009,
   author = "R Saurel and F Petitpas and R A Berry",
   title = "Simple and efficient relaxation methods for interfaces separating compressible fluids, cavitating flows and shocks in multiphase mixtures",
   year = 2009,
   journal = "J. of Computational Physics",
   volume = 228,
   pages = "1678--1712",
   publisher = "Elsevier",
}

@article{Herrard_2005,
   author = "J -M Herard and O Hurisse",
   title = "A simple method to compute standard two-fluid models",
   journal = "Int. J. of Computational Fluid Dynamics",
   year = "2005",
   volume = "19",
   number = "7",
   pages = "475--482",
   publisher = "Taylor & Francis",
}

@article{Harten,
  title   = "Convex entropies and hyperbolicity for general {E}uler equations",
  author  = "A Harten and P D Lax and C D Levermore and W J Morokoff",
  journal = "SIAM J Numer Anal",
  pages   = "2117-2127",
  number = "6",
  volume = "35",
  year    = "1998",
  }
  
@Techreport{BerryMarco_2014,
  author= "R A Berry and M Delchini and J Ragusa",
  title = "RELAP-7 Numerical Stabilization: Entropy Viscosity Method",
  year = 2014,
  institution = "Idaho National Laboratory",
  number = "INL/EXT-14-32352",
  address = "USA",
}

@Techreport{Marco_dissertation,
  author= "M Delchini",
  title = "Extension of the entropy viscosity method to multi-D {E}uler equations and the seven-equation two-phase model",
  year = "2014",
  institution = "Texas A \& M University",
  address = "USA",
}

@book{Leveque,
author    = "R Leveque",
title     = "Numerical Methods for Conservation Laws",
year      = "1990",
publisher = "Birkhauser Basel",
address   = "ETH-Zurich, Switzerland",
}

@article{Marco_paper_low_mach,
author    = "M Delchini and J Ragusa and R Berry",
title     = "Entropy-based viscous regularization for the multi-dimensional {E}uler equations in low-{M}ach and transonic flows",
pages     = "225--244",
journal   = "Computers and Fluids",
year      = "2015",
volume    = "118",
}

% BDF2 reference
@Book{bdf2,
  author = {U M Ascher and L R Petzold},
  title = {{Computer Methods for Ordinary Differential Equations and Differential-Algebraic Equations}},
  publisher = {SIAM},
  address = {Philadelphia, Pa},
  isbn = {0-89871-412-5},
  year = 1998
}

@book{PBV_book,
  title   = "Applied Computational Fluid Dynamics Techniques: an Introduction Based on Finite Element Methods",
  author = "R Lohner",
  year      = "2008",
  publisher = "Wiley, Oxford, England",
  }
  
@article{BaerNunziato,
author    = "M R Baer and J W Nunziato",
title     = "A Two-Phase Mixture Theory for the Deflagration-to-Detonation Transition (DDT) in Reactive Granular Materials",
pages = "861--889",
journal = "Int. J. Multiphase Flow",
volume = "12",
number = "6",
year = "1986"
}

@book{PassmanNunziato,
author    = "S L Passman and J W Nunziato and E K Walsh",
title     = "A Theory of Multiphase Mixtures Appendix 5C (p. 286-325) of Rational Thermodynamics, 2nd edit.",
address = "New York",
publisher = "Springer-Verlag",
year = "1984"
}

@book{DrewPassman,
author    ="D A Drew and S L Passman",
title     ="Theory of Multicomponent Fluids",
address ="New York",
publisher ="Springer-Verlag",
year ="1999"
}

@book{Stadtke,
author   ="H Stadtke",
title     ="Gasdynamic Aspects of Two-Phase Flow",
address ="Weinheim",
publisher ="Wiley-VCH",
year ="2006"
}

@book{Berry_1985,
author  ="R A Berry and R L Williamson",
title     ="A Multiphase Mixture Model for the Shock Induced Consolidation of Metal Powders in 'Shock Waves in Condensed Matter'",
address = "New York",
publisher  ="Plenum",
year  ="1985",
pages = "335--340"
}

@article{dellacherie,
author    = "S Dellacherie",
title     = "Relaxation schemes for the multicomponent {E}uler system",
journal   = "ESAIM: Mathematical Modelling and Numerical Analysis",
year      = "2003",
volume    = "37",
number = "6",
pages = "909--936"
}

@article{GuillardMurrone2003,
  author= "H Guillard and A Murrone",
  title = "A five equation reduced model for compressible two-phase flow problems",
  journal = "J. of Computational Physics",
  year = 2003,
  volume = "202",
  number = "2",
  pages = "664--698"
}

@book {Evans1998,
    AUTHOR = {Evans, Lawrence C.},
     TITLE = {Partial differential equations},
    SERIES = {Graduate Studies in Mathematics},
    VOLUME = {19},
 PUBLISHER = {American Mathematical Society, Providence, RI},
      YEAR = {1998},
     PAGES = {xviii+662},
      ISBN = {0-8218-0772-2},
   MRCLASS = {35-01},
  MRNUMBER = {1625845 (99e:35001)},
MRREVIEWER = {Luigi Rodino},
}

@article{tadmor_minimum_entropy_principle,
title = "A minimum entropy principle in the gas dynamics equations ",
journal = "Applied Numerical Mathematics ",
volume = "2",
number = "3–5",
pages = "211 - 219",
year = "1986",
author = "Eitan Tadmor",
}

@article{Lellis_minimalentropy,
    author = {Camillo De Lellis and Felix Otto and Michael Westdickenberg},
    title = {Minimal entropy conditions for Burgers equation},
    journal = {Quarterly Appl. Math.},
    year = {2004}
}

@Techreport{Saleh_phd_thesis,
  author= {K Saleh},
  title = {Analyse et Simulation Numérique par Relaxation d’Ecoulements Diphasique Compressibles},
  year = {2012},
  institution = {Universite Pierre et Marie Curie},
  address = {Paris},
}

@article{coquel_herard,
author    = {F Coquel and J-M Herard and K Saleh and N Seguin},
title     = {Two properties of two-velocity two-pressure models for two-phase flows},
journal   = {Communications in Mathematical Sciences},
year      = {2014},
volume    = {12},
number = {3},
pages = {593-600}
}

@book{Lax,
  author    = {P D Lax},
  title     = {Hyperbolic Systems of Conservation Laws and The Mathematical Theory of Shock Waves},
  year      = {1973},
  publisher = {New York University},
  address = {New York},
}

@article{dlm,
author    = {Dal Maso and G Le Floch and P Murat},
title     = {Definition and weak stability of a non-conservative product},
journal   = {Journal de Mathematiques Pures et Appliquees},
year      = {1995},
volume    = {74},
number = {6},
pages = {483-548}
}

@article{lefloch_1988,
author    = {G Le Floch},
title     = {Entropy weak solutions to nonlinear hyperbolic systems in nonconservative form},
journal   = {Comm. in Partial Differential Equations},
year      = {1988},
volume    = {13},
number = {6},
pages = {669-727}
}

@Techreport{lefloch_1989,
  author    = {G Le Floch},
  title     = {Shock waves for nonlinear hyperbolic systems in nonconservative forms},
  year = {1989},
  institution = {Institute for Mathematics and its Applications},
  address = {Minneapolis, MN},
}

@article{lefloch_liu_1993,
author    = {G Le Floch and Tai-Ping Liu},
title     = {Existence theory for nonlinear hyperbolic systems in nonconservative form},
journal   = {Forum mathematicum},
year      = {1993},
volume    = {5},
number = {5},
pages = {261-280}
}

@article{bianchini_bressan_2005,
author    = {S Bianchini and A Bressan},
title     = {Vanishing Viscosity Solutions of Nonlinear Hyperbolic Systems},
journal   = {Annals of Mathematics},
year      = {2005},
volume    = {161},
number = {1},
pages = {223-342}
}

@article{alouges_merlet_2004,
author    = {F Alleges and B Merlet},
title     = {Approximate shock curves for non-conservative hyperbolic systems in one space dimension},
journal   = {J. Hyperbolic Differ. Equ.},
year      = {2004},
volume    = {1},
number = {4},
pages = {769-788}
}

@article{Guermond_Pasquetti,
author = {J-L Guermond and R Pasquetti},
title = {Entropy-based nonlinear viscosity for {F}ourier approximations of conservation laws},
journal = {Comptes Rendus Mathematique},
year = {2008},
volume = {346},
number = {13-14},
pages = {801-806}
}

@article{GallouetHerardSeguin,
author    = "T Gallouet and J -M Herard and N Seguin",
title     = "Numerical modeling of two-phase flows using the two-fluid two-pressure model",
pages     = "663--700",
journal   = "Mathematical Models and Methods in Applied Science",
volume    = "14",
number    = "5",
year      = "2004"
}

@article{Berry_2009,
author    = "R A Berry and R Saurel and F Petitpas",
title     = "A simple and efficient diffuse interface method for compressible two-phase flows",
journal   = "Int. Conf. on Mathematics, Computational Methods and Reactor Physics (M\&C 2009)",
publisher = "American Nuclear Society",
address   = "LaGrange Park, IL",
year      = "2009"
}

@Techreport{Berry_2005,
  author    = {R A Berry},
  title     = {Notes on well-posed, ensemble averaged conservation equations for multiphase, multi-component, and multi-material flows},
  year      = {2003, 2005},
  institution = {Idaho National Laboratory},
  address   = {Idaho Falls, ID}
}