@article{fct,
author    = {Jay P Boris and David L Book},
title     = {Flux Corrected Transport. I. SHASTA, A Fluid Algorithm That Works.},
journal   = {Journal of Comput. Phys},
year      = {1973},
volume    = {11},
pages = {38-69}
}

@article{coquel_herard,
author    = {F Coquel and J-M Herard and K Saleh and N Seguin},
title     = {Two properties of two-velocity two-pressure models for two-phase flows},
journal   = {Communications in Mathematical Sciences},
year      = {2014},
volume    = {12},
number = {3},
pages = {593-600}
}

@article{Pasquetti_NS2006,
title   = "Spectral vanishing viscosity method for large-eddy simulation of turbulent flows",
author  = "R Pasquetti",
journal = "Journal of Sc. Phys",
volume  = "27",
pages   = "365-375",
year    = "2006",
}

@article{AbgrallandSaurel2003,
title   = "Discrete equations for physical and numerical compressible multiphases mixtures",
author  = "R Abgrall and R Saurel",
journal = "Journal of Comput. Phys",
volume  = "186",
pages   = "361-396",
year    = "2003",
}

@article{Chinnayya2004,
title   = "Modelling detonation waves in heteroge-neous energetic materials",
author  = "A Chinnayya and E Daniel and R Saurel",
journal = "Journal of Comput. Phys",
volume  = "196",
pages   = "490-538",
year    = "2004",
}

@article{ZinganJCP2013,
  title   = "Implementation of the entropy viscosity method with the discontinuous Galerkin method",
  author  = "V Zingan and J L Guermond and J Morel and B Popov",
  journal = "Journal of Comput. Phys",
  volume  = "253",
  pages   = "479-490",
  year    = "2013",
}

@article{GuermondSIAM2014,
  title   = "Viscous regularization of the Euler equations and entropy principles",
  author  = "J L Guermond and B Popov",
  journal = "SIAM J. Appl. Math",
  volume = "74",
  pages = "284-305",
  year    = "2014",
  }
  
@article{GuermondJCP2011,
  title   = "Entropy viscosity method for nonlinear conservation laws",
  author  = "J L Guermond and R Pasquetti",
  journal = "Journal of Comput. Phys",
  volume  = "230",
  pages   = "4248-4267",
  year    = "2011",
  }

@article{GuermondCSE2011,
  title   = "Entropy Viscosity Method for High-Order Approximations of Conservation Laws",
  author  = "J L Guermond and R Pasquetti",
  journal = "Lecture Notes in Computational Science and Engineering",
  volume  = "76",
  pages   = "411-418",
  year    = "2011",
  }

@conference{GuermondCRA2008,
  title   = "Entropy-based nonlinear viscosity for {F}ourier approximations of conservation laws",
  booktitle = "C.R. Math. Acad. Sci.",
  volume = "326",
  pages   = "801-806",
  year    = "2008",
  address = "Paris",
  author  = "J L Guermond and R Pasquetti",
  }

@book{Toro,
  author    = "E F Toro",
  title     = "Riemann Solvers and numerical methods for fluid dynamics",
  year      = "1999",
  publisher = "$2^{nd}$ Edition, Springer",
  }

@article{Moose2009,
  title   = "A parallel computational framework for coupled systems of nonlinear equations",
  author  = "D Gaston and C Newsman and G Hansen and D Lebrun-Grandi\'e",
  journal = "Nucl. Eng. Design",
  volume  = "239",
  pages   = "1768-1778",
  year    = "2009",
  }

@article{JFNK,
  title   = "Jacobian-free Newton-Krylov methods: a survey of approaches and applications",
  author  = "D A Knoll and D E Keyes",
  journal = "Journal of Computational Physics",
  volume  = "193",
  pages   = "357-397",
  year    = "2004",
  }
  
@article{Berry_NED2010,
  title   = "The discrete equation method (DEM) for fully compressible, two-phase flows in ducts of spatially varying cross-section",
  author  = "R Berry and R Saurel and O LeMetayer",
  journal = "Nuclear Engineering and Design",
  volume  = "240",
  pages   = "3797-3818",
  year    = "2010",
  }

@article{PertheneNumMath1996-parabolic,
  title   = "On positivity preserving finite volume schemes for Euler equations",
  author  = "B Perthane and C W Shu",
  journal = "Numer. Math.",
  volume  = "73",
  pages   = "119-130",
  year    = "1996",
  }

@book{IGEOS,
  title   = "A to Z of Thermodynamics",
  author = "P Perrot",
  year      = "1998",
  publisher = "Oxford University Press",
  }

@article{SGEOS,
  title   = "Elaborating equation of state for a liquid and its vapor for two-phase flow models",
  author  = "O LeMetayer and J Massoni and R Saurel",
  journal = "International Journal of Thermal Science",
  volume  = "43",
  pages   = "265-276",
  year    = "2004",
  }

@article{Lapidus_paper,
  title   = "A detached shock calculation by second order finite differences",
  author  = "A Lapidus",
  journal = "J. Comput. Phys.",
  volume  = "2",
  pages   = "154-177",
  year    = "1967",
  }

@article{LMP,
  title   = "A simple extension to multidimensional problems of the artificial viscosity due to Lapidus",
  author  = "R Lohner and K Morgan and J Peraire",
  journal = "Commun. Numer. Methods Eng.",
  volume  = "1(14)",
  pages   = "141-147",
  year    = "1985",
  }

@book{Lapidus_book,
  title   = "Finite Element Methods for Flow Problems",
  author = "J Donea and A Huerta",
  year      = "2003",
  publisher = "Oxford University Press",
  }

@article{Roe,
  title   = "An All-Speed Roe-type scheme and its asymptotic analysis of low Mach number behavior",
  author  = "X-S Li and C-W Gu",
  journal = "Journal of Computational Physics",
  volume  = "227",
  pages   = "5144-5159",
  year    = "2008",
  }

@article{LowMach1,
  title   = "On the behavior of upwind schemes in the low Mach number limit",
  author  = "H Guillard and C Viozat",
  journal = "Computers \& Fluids",
  volume  = "28",
  pages   = "63-86",
  year    = "1999",
  }

@article{LowMach2,
  title   = "Preconditioned techniques in computational fluid dynamics",
  author  = "E Turkel",
  journal = "Annu. Rev. Fluid Mech.",
  volume  = "31",
  pages   = "385-416",
  year    = "1999",
  }

@article{LowMach3,
  title   = "The solution of the compressible Euler equations at low Mach numbers using a stabilized finite element algorithm",
  author  = "J S Wong D L and Darmofal and J Peraire",
  journal = "Comput. Methods Appl. Mech. Engrg.",
  volume  = "190",
  pages   = "5719-5737",
  year    = "2001",
  }

@article{Muller,
  title   = "Low-Mach number asymptotes of the Navier-Stokes equations",
  author  = "B Muller",
  journal = "Journal of Engineering Mathematics",
  volume  = "34",
  pages   = "97–109",
  year    = "1998",
  }  
  
@article{nozzle_exact,
  title   = "Liquid and liquid-gas flows at all speeds: Reference solutions and numerical schemes.",
  author  = "S LeMartelot and B Nkonga and R Saurel",
  journal = "Rsearch report",
  volume  = "7935",
  pages   = "97–109",
  year    = "2012",
  }

@book{convergence_book,
  title   = "Constructive Approximation",
  author = "R A DeVore and G G Lorentz",
  year      = "1991",
  publisher = "Springer-Verlag",
  }
  
@article{Kapila_2001,
  title   = "Two-phase modelling of deflagration-to-detonation transition in granular materials",
  author  = "A K Kapila and R Menikoff and J B Bdzil and S F Son and D S Stewart",
  journal = "Phys. Fluids",
  pages   = "3002-3024",
  issue = "13",
  year    = "2001",
  }
  
@article{Toumi_1996,
  title   = "An upwind numerical method for two-fluids two-phases flow models",
  author  = "I Toumi",
  journal = "Nucl. Sci. Eng.",
  pages   = "147-168",
  issue = "123",
  year    = "1996",
  }
  
@article{Abgrall_2002,
  title   = "How to prevent pressure oscillations in multicomponent flow calculations: a quasi conservative approach",
  author  = "R Abgrall",
  journal = "J. Comput. Phys",
  pages   = "125-150",
  issue = "60",
  year    = "2002",
  }
  
@article{Saurel_2001a,
  title   = "A multiphase Godunov method for compressible multifluid and multiphase flows",
  author  = "R Saurel and R Abgrall",
  journal = "J. Comput Physics",
  pages   = "425-267",
  issue = "150",
  year    = "1999",
  }
  
@article{Saurel_2001b,
  title   = "A multiphase model for compressible flows with interfaces, shocks, detonation waves and cavitation",
  author  = "R Saurel and O Lemetayer",
  journal = "J. Comput Physics",
  pages   = "239-271",
  issue = "431",
  year    = "2001",
  }
  
@article{Li_2004,
  title   = "Difference scheme for two-phase flow",
  author  = "Q Li and H Feng and T Cai and C Hu",
  journal = "Appl Math Mech",
  pages   = "536",
  issue = "25",
  year    = "2004",
  }
  
@article{Zein_2010,
  title   = "Modelling phase transition for compressible two-phase flows applied to metastable liquids",
  author  = "A Zein and M Hantke and G Warnecke",
  journal = "J. Comput Physics",
  pages   = "2964",
  issue = "98",
  year    = "2010",
  }
  
@article{Ambroso_2012,
  title   = "A Godunov-type method for the seven-equation model of compressible multiphase mixtures",
  author  = "A Ambroso and C Chalons and P-A Reviart",
  journal = "Comput. Fluids",
  pages   = "67-91",
  issue = "54",
  year    = "2012",
  }

@article{Saurel_2009,
   author = "R.~Saurel and F.~Petitpas and R.~A.~Berry",
   title = "Simple and efficient relaxation methods for interfaces separating compressible fluids, cavitating flows and shocks in multiphase mixtures",
   year = 2009,
   journal = "J. of Computational Physics",
   volume = 228,
   pages = "1678--1712",
   publisher = "Elsevier",
}

@article{Herrard_2005,
   author = "J.~M.~Herrard and O.~Hurisse",
   title = "A simple method to compute standard two-fluid models",
   journal = "Int. J. of Computational Fluid Dynamics",
   year = 2005,
   volume = 19,
   pages = "475--482",
   publisher = "Taylor & Francis",
}

@article{Harten,
  title   = "Convex entropies and hyperbolicity for general Euler equations",
  author  = "A Harten and L P  Franca and M Mallet",
  journal = "SIAM J Numer Anal",
  pages   = "2117-2127",
  issue = "35",
  volume = "6",
  year    = "1998",
  }
  
@Techreport{BerryMarco_2014,
  author= "R A Berry and M Delchini and J Ragusa",
  title = "RELAP-7 Numerical Stabilization: Entropy Viscosity Method",
  year = 2014,
  institution = "Idaho National Laboratory",
  number = "INL/EXT-14-32352",
  address = "USA",
}

@Techreport{Marco_dissertation,
  author= "M Delchini",
  title = "Extension of the entropy viscosity method to multi-D Euler equations and the seven-equation two-phase model",
  year = 2014,
  institution = "Texas A\& M University",
  address = "USA",
}

@book{Leveque,
author    = "R Leveque",
title     = "Numerical Methods for Conservation Laws",
year      = "1990",
publisher = "Springer",
address   = "Zurich, Switzerland"
}

@article{DelchiniCompFluid2014-euler,
author    = "M Delchini and J Ragusa and R Berry",
title     = "Entropy-based viscosity regularization for the multi-dimensional Euler equations in low-Mach and transonic flows",
journal   = "Computers \& Fluids",
year      = "2014",
volume    = "118",
pages = "225-244"
}

@article{Marco_paper_sem,
author    = "M Delchini and J Ragusa and R Berry",
title     = "A viscous regularization for the 1-D Seven-Equation two-phase flow Model",
journal   = "under review",
year      = "",
volume    = "",
}

% BDF2 reference
@Book{bdf2,
  author = {U M Ascher and L R Petzold},
  title = {{Computer Methods for Ordinary Differential Equations and Differential-Algebraic Equations}},
  publisher = {SIAM},
  address = {Philadelphia, Ph},
  isbn = {0-89871-412-5},
  year = 1998
}

@book{PBV_book,
  title   = "Applied CFD Techniques: an Introduction Based on Finite Element Methods",
  author = "R Lohner",
  year      = "2003",
  publisher = "Wiley",
  address = "Oxford, England"
  }

@article{Saurel_2007,
  title   = "A numerical method for one-dimensional compressible multiphase flows on moving meshes",
  author  = "R Saurel and J Massoni and F Renaud",
  journal = "Intern Journ for Num Methods in Fluids",
  pages   = "1425--1450",
  volume = "54",
  year    = "2007"
  }

@Techreport{Berry_2014,
  author= "R A Berry and J W Peterson and H Zhang and R C Martineau and H Zhao and L Zou and D Andrs",
  title = "RELAP-7 Theory Manual",
  year = 2014,
  institution = "Idaho National Laboratory",
  number = "INL/EXT-14-31366",
  address = "U. S. A."
}

@book{Stadtke,
author   ="H Stadtke",
title     ="Gasdynamic Aspects of Two-Phase Flow",
address ="Weinheim",
publisher ="Wiley-VCH",
year ="2006"
}

@article{GuillardMurrone2003,
author= "H Guillard and A Murrone",
title = "A five equation reduced model for compressible two-phase flow problems",
journal = "J. of Computational Physics",
year = 2003,
volume = "202",
number = "2",
pages = "664--698"
}

@book{Berry_1985,
author  ="R A Berry and R L Williamson",
title     ="A Multiphase Mixture Model for the Shock Induced Consolidation of Metal Powders in 'Shock Waves in Condensed Matter'",
address = "New York",
publisher  ="Plenum",
year  ="1985",
pages = "335--340"
}

@article{BaerNunziato,
author    = "M R Baer and J W Nunziato",
title     = "A Two-Phase Mixture Theory for the Deflagration-to-Detonation Transition (DDT) in Reactive Granular Materials",
pages = "861--889",
journal = "Int. J. Multiphase Flow",
volume = "12",
number = "6",
year = "1986"
}

@book{DrewPassman,
author    ="D A Drew and S L Passman",
title     ="Theory of Multicomponent Fluids",
address ="New York",
publisher ="Springer-Verlag",
year ="1999"
}

@book {Evans1998,
AUTHOR = {Evans, Lawrence C.},
TITLE = {Partial differential equations},
SERIES = {Graduate Studies in Mathematics},
VOLUME = {19},
PUBLISHER = {American Mathematical Society, Providence, RI},
YEAR = {1998},
PAGES = {xviii+662},
ISBN = {0-8218-0772-2},
MRCLASS = {35-01},
MRNUMBER = {1625845 (99e:35001)},
MRREVIEWER = {Luigi Rodino},
}

@article{Lellis_minimalentropy,
author = {Camillo De Lellis and Felix Otto and Michael Westdickenberg},
title = {Minimal entropy conditions for Burgers equation},
journal = {Quarterly Appl. Math. (2004},
year = {}
}

@article{tadmor_minimum_entropy_principle,
title = "A minimum entropy principle in the gas dynamics equations ",
journal = "Applied Numerical Mathematics ",
volume = "2",
number = "3–5",
pages = "211 - 219",
year = "1986",
author = "Eitan Tadmor",
}

@article{dellacherie,
author    = "S Dellacherie",
title     = "Relaxation schemes for the multicomponent {E}uler system",
journal   = "ESAIM: Mathematical Modelling and Numerical Analysis",
year      = "2003",
volume    = "37",
number = "6",
pages = "909--936"
}

@article{banks-jeffrey,
title   = "On sub-linear convergence for linearly degenerate waves in capturing schemes",
author  = "J W Banks and T Aslam and W J Rider",
journal = "Journal of Computational Physics",
volume  = "227",
issue = "14",
pages   = "6985--7002",
year    = "2008",
}

@article{majda-andrew,
title   = "Propagation of error into regions of smoothness for accurate difference approximations to hyperbolic equations",
author  = "A Harten and J M Hyman and P D Lax and B Keyfitz",
journal = "Communications on pure applied mathematics",
volume  = "30",
issue = "6",
pages   = "671-705",
year    = "1977",
}

@article{BruceStewart1984363,
title = "Two-phase flow: Models and methods ",
journal = "Journal of Computational Physics ",
volume = "56",
number = "3",
pages = "363 - 409",
year = "1984",
author = "H Bruce Stewart and Burton Wendroff"
}

@article{dlm,
author    = {Dal Maso and G Le Floch and P Murat},
title     = {Definition and weak stability of a non-conservative product},
journal   = {Journal de Mathematiques Pures et Appliquees},
year      = {1995},
volume    = {74},
number = {6},
pages = {483-548}
}

@article{lefloch_1988,
author    = {G Le Floch},
title     = {Entropy weak solutions to nonlinear hyperbolic systems in nonconservative form},
journal   = {Comm. in Partial Differential Equations},
year      = {1988},
volume    = {13},
number = {6},
pages = {669-727}
}